@article{kaplan2010,
  title={{Users of the world, unite! The challenges and opportunities of Social Media}},
  author={Kaplan, A.M. and Haenlein, M.},
  journal={Business Horizons},
  volume={53},
  number={1},
  pages={59--68},
  issn={0007-6813},
  year={2010},
  publisher={Elsevier}
}

@book{vickery2007,
  title={{Participative web and user-created content: Web 2.0, wikis and social networking}},
  author={Vickery, G. and Wunsch-Vincent, S.},
  isbn={9264037462},
  year={2007},
  publisher={OECD Publishing}
}

@book{flew2008,
  title={{New Media: An Introduction}},
  author={Flew, T.},
  year={2005},
  publisher={Oxford University Press},
  edition={3},
  pages={11--12}
}
